@article{cherkasov2014qsar,
  title={QSAR modeling: where have you been? Where are you going to?},
  author={Cherkasov, Artem and Muratov, Eugene N and Fourches, Denis and Varnek, Alexandre and Baskin, Igor I and Cronin, Mark and Dearden, John and Gramatica, Paola and Martin, Yvonne C and Todeschini, Roberto and others},
  journal={Journal of medicinal chemistry},
  volume={57},
  number={12},
  pages={4977--5010},
  year={2014},
  publisher={ACS Publications}
}

@article{hamilton2017inductive,
  title={Inductive representation learning on large graphs},
  author={Hamilton, William L and Ying, Rex and Leskovec, Jure},
  booktitle={Proceedings of the 31st International Conference on Neural Information Processing Systems},
  pages={1025--1035},
  year={2017}
}

@article{schlichtkrull2018modeling,
  title={Modeling relational data with graph convolutional networks},
  author={Schlichtkrull, Michael and Kipf, Thomas N and Bloem, Peter and Van Den Berg, Rianne and Titov, Ivan and Welling, Max},
  booktitle={European semantic web conference},
  pages={593--607},
  year={2018},
  organization={Springer}
}

@article{kingma2014adam,
  title={Adam: A method for stochastic optimization},
  author={Kingma, Diederik P and Ba, Jimmy},
  journal={arXiv preprint arXiv:1412.6980},
  year={2014}
}